<?xml version="1.0" encoding="UTF-8"?><collection xmlns="http://www.loc.gov/MARC21/slim"><record><leader>00447nam--2200133-i-4500</leader><controlfield tag="001">000001479</controlfield><controlfield tag="002">20161230</controlfield><controlfield tag="005">20161230201024</controlfield><controlfield tag="008">060222s1000------------r-----000-0-eng-d</controlfield><datafield ind1=" " ind2=" " tag="080"><subfield code="a">621.039.512(043)</subfield></datafield><datafield ind1=" " ind2=" " tag="100"><subfield code="a">Erradi, Lahoussine M</subfield></datafield><datafield ind1=" " ind2=" " tag="245"><subfield code="a">Etude des effets de temperature dans les reseaux caracteristiques des reacteurs nucleaires de la filiere a eau ordinaire.these</subfield></datafield><datafield ind1=" " ind2=" " tag="260"><subfield code="a">Orsay, Universite De Paris-sud, 1982.Vi +195 P</subfield></datafield><datafield ind1=" " ind2=" " tag="852"><subfield code="a">71079</subfield></datafield></record></collection>